see http://en.wikipedia.org/wiki/Bibtex#Examples
and http://www.bibtex.org/Using/

HOW TO CITE
~\cite{XXX}
replace XXX with for example ex1-tutorial-lecture to cite the Tutorial Lecture

@misc{ieee-1076,
    title   = "IEEE Standard VHDL Language Reference Manual",
    howpublished = "IEEE 1076-2008"
}

@misc{avnet-programming-user-manual,
    title   = "Avnet Programming Utility User Manual",
    howpublished = {\url{http://www.em.avnet.com/Support%20And%20Downloads/Avnet_AvProg-UserGuide_v4_0_5_1.pdf}},
}

@misc{lab-intro-lecture,
    title   = "Introduction, TDT4258 Energy Efficient Computer Systems",
    author  = "Stefano Nichele",
    institution = "Department of Computer and Information Science, NTNU",
    howpublished = {\url{http://www.idi.ntnu.no/emner/tdt4258/_media/intro.pdf}},
}

@misc{lab-compendium,
    title   = "Lab Assignments in TDT4255 Computer Design",
    author = "Department of Computer and Information Science, NTNU",
    institution = "Department of Computer and Information Science, NTNU",
    howpublished = {\url{http://www.idi.ntnu.no/emner/tdt4255/_media/kompendium.pdf}},
}

@misc{mips-ref,
    title   = "MIPS Instruction Reference",
    author = "James F. Frenzel",
    institution  = "University of Idaho",
    howpublished = {\url{http://www.mrc.uidaho.edu/mrc/people/jff/digital/MIPSir.html}},
}

@misc{wiki-vhdl,
    title   = "VHDL",
    author  = "Wikipedia",
    howpublished = {\url{http://en.wikipedia.org/wiki/VHDL}},
}

@misc{wiki-fpga,
    title   = "Field-Programmable Gate Array",
    author  = "Wikipedia",
    howpublished = {\url{http://en.wikipedia.org/wiki/Field-programmable_gate_array}},
}

@misc{AVR-assmblguid,
    title   = "AVR Assembler User Guide",
    author  = "Atmel",
    howpublished = {\url{http://www.atmel.com/Images/doc1022.pdf}},
}

@misc{lab-report-guide-UoT,
    title   = "Lab Reports",
    author = "Faculty of Applied Engineering, University of Toronto",
    howpublished = {\url{http://www.engineering.utoronto.ca/Directory/students/ecp/handbook/documents/lab.htm}},
    institution = "Faculty of Applied Engineering, University of Toronto",
}

@misc{ap7000jumpers,
    title   = "Power jumpers on AP7000",
    author  = "Atmel",
    howpublished = {\url{http://support.atmel.no/knowledgebase/avr32studiohelp/com.atmel.avr32.tool.stk1000/html/jumper_settings.html#Power_jumpers}},
}

@misc{BSTBS1901Wmanual,
    title   = "BST BS1901W manual",
    author = "Caltek/BST",
    howpublished = {\url{http://www.docstoc.com/docs/67828383/BS1901W}},
}

@misc{AT32AP7000-prelim,
    title   = "AVR32 AT32AP7000 Preliminary",
    howpublished = {\url{http://www.atmel.com/Images/doc32003.pdf}},
    author  = "Atmel",
}

@book{linuxdevicedrivers,
    title   = "Linux Device Drivers",
    author  = "Jonathan Corbet and Allesandro Rubini and Greg Kroah-Hartman",
    publisher = "O'Reilly",
    year    = "2005",
    edition = "Third",
    howpublished = {\url{http://lwn.net/Kernel/LDD3/}},
}

@unpublished{tdt4258-1,
    title   = "Report from Lab Assignment \#1, TDT4258 Energy Efficient Computer Systems",
    author  = "Emil Taylor Bye and Sigve Sebastian Farstad and Odd M. Trondrud",
    note    = "",
    howpublished = "{\url{https://dl.dropboxusercontent.com/u/7112352/report1-group10_emiltayl_sigveseb_trondrud.pdf}}"
}

@unpublished{tdt4258-2,
    title   = "Report from Lab Assignment \#2, TDT4258 Energy Efficient Computer Systems",
    author  = "Emil Taylor Bye and Sigve Sebastian Farstad and Odd M. Trondrud",
    note    = "",
    howpublished = "{\url{https://dl.dropboxusercontent.com/u/7112352/report2-group10_emiltayl_sigveseb_trondrud.pdf}}"
}

@misc{AVR32-disp,
    title   = "AVR32416: AVR32 AP7 Linux LCD Panel Customization",
    author  = "Atmel",
    howpublished = {\url{http://www.atmel.com/Images/doc32105.pdf}},
}
